<record><leader>00000cas a22000007a 4500</leader><controlfield tag="001">11096036</controlfield><controlfield tag="008">840827d18101814nyuwr ne      0    0eng d</controlfield><datafield ind1=" " ind2=" " tag="010"><subfield code="a">sn 84031549 </subfield></datafield><datafield ind1=" " ind2=" " tag="040"><subfield code="a">NYG</subfield><subfield code="b">eng</subfield><subfield code="c">NYG</subfield><subfield code="d">NPX</subfield><subfield code="d">NYS</subfield><subfield code="d">OCL</subfield><subfield code="d">NYS</subfield><subfield code="d">OCLCG</subfield><subfield code="d">OCLCQ</subfield><subfield code="d">OCLCO</subfield><subfield code="d">OCLCQ</subfield><subfield code="d">OCLCF</subfield></datafield><datafield ind1=" " ind2=" " tag="042"><subfield code="a">msc</subfield></datafield><datafield ind1=" " ind2=" " tag="043"><subfield code="a">n-us-ny</subfield></datafield><datafield ind1="0" ind2=" " tag="130"><subfield code="a">American (Herkimer, N.Y.)</subfield></datafield><datafield ind1="1" ind2="4" tag="245"><subfield code="a">The American.</subfield></datafield><datafield ind1=" " ind2=" " tag="260"><subfield code="a">Herkimer, N.Y. :</subfield><subfield code="b">J.H. &amp; H. Prentiss,</subfield><subfield code="c">1810-</subfield></datafield><datafield ind1=" " ind2=" " tag="300"><subfield code="a">volumes ;</subfield><subfield code="c">51 cm</subfield></datafield><datafield ind1=" " ind2=" " tag="310"><subfield code="a">Weekly</subfield></datafield><datafield ind1=" " ind2=" " tag="336"><subfield code="a">text</subfield><subfield code="b">txt</subfield><subfield code="2">rdacontent</subfield></datafield><datafield ind1=" " ind2=" " tag="337"><subfield code="a">unmediated</subfield><subfield code="b">n</subfield><subfield code="2">rdamedia</subfield></datafield><datafield ind1=" " ind2=" " tag="338"><subfield code="a">volume</subfield><subfield code="b">nc</subfield><subfield code="2">rdacarrier</subfield></datafield><datafield ind1="0" ind2=" " tag="362"><subfield code="a">Vol. 1, no. 1 (Jan. 4, 1810)-</subfield></datafield><datafield ind1="1" ind2=" " tag="362"><subfield code="a">Ceased in 1814.</subfield><subfield code="z">Cf. Brigham, C.S. Amer. newspapers.</subfield></datafield><datafield ind1=" " ind2=" " tag="500"><subfield code="a">Publishers: John H. Prentiss, &lt;1812&gt;; William L. Stone, &lt;1813&gt;-1814.</subfield></datafield><datafield ind1=" " ind2="0" tag="651"><subfield code="a">Herkimer (N.Y.)</subfield><subfield code="v">Newspapers.</subfield></datafield><datafield ind1=" " ind2="0" tag="651"><subfield code="a">Herkimer County (N.Y.)</subfield><subfield code="v">Newspapers.</subfield></datafield><datafield ind1=" " ind2="7" tag="655"><subfield code="a">Newspapers.</subfield><subfield code="2">fast</subfield><subfield code="0">(OCoLC)fst01423814</subfield></datafield><datafield ind1=" " ind2="7" tag="651"><subfield code="a">New York (State)</subfield><subfield code="z">Herkimer.</subfield><subfield code="2">fast</subfield><subfield code="0">(OCoLC)fst01213041</subfield></datafield><datafield ind1=" " ind2="7" tag="651"><subfield code="a">New York (State)</subfield><subfield code="z">Herkimer County.</subfield><subfield code="2">fast</subfield><subfield code="0">(OCoLC)fst01223285</subfield></datafield><datafield ind1="1" ind2=" " tag="700"><subfield code="a">Prentiss, John Holmes,</subfield><subfield code="d">1784-1861.</subfield></datafield><datafield ind1="1" ind2=" " tag="700"><subfield code="a">Prentiss, Henry,</subfield><subfield code="d">1786 or 1787-1875.</subfield></datafield><datafield ind1="1" ind2=" " tag="700"><subfield code="a">Stone, William L.</subfield><subfield code="q">(William Leete),</subfield><subfield code="d">1792-1844.</subfield></datafield><datafield ind1=" " ind2=" " tag="752"><subfield code="a">United States</subfield><subfield code="b">New York</subfield><subfield code="c">Herkimer</subfield><subfield code="d">Herkimer.</subfield></datafield><datafield ind1="0" ind2="0" tag="785"><subfield code="t">Herkimer American</subfield><subfield code="w">(DLC)sn 83031054</subfield><subfield code="w">(OCoLC)9752968</subfield></datafield></record>